@book{survey,
	author={Julia Rubin and Marsha Chechik},
	title = {A Survey of Feature Location Techniques},
	publisher={University of Toronto, Department of Computer Science},
	year={2013}
}


